2545 3996
1154 663 1285 720 VII

419 799 471 868 F
478 798 829 869 ORTEM
861 818 1116 868 nactus
1138 852 1156 879 ,
1196 796 1326 868 tibi
1361 805 1489 870 uni
1524 797 1894 886 diffidens,
1924 811 1998 876 in

418 962 500 1005 ea
539 961 840 1035 quoque
878 932 1010 1004 tibi
1056 920 1572 1008 confidendum
1622 947 1956 1012 statueris
1979 972 1996 1024 ς

416 1077 656 1142 nescio
701 1093 1075 1171 praeterea
1103 1127 1124 1154 ,
1165 1079 1390 1175 magis
1438 1102 1529 1144 ne
1566 1074 1998 1149 benevolen-

416 1213 557 1279 tiae
598 1207 939 1280 adversus
987 1213 1216 1309 ipsam
1260 1232 1465 1292 tuae,
1507 1238 1600 1281 an
1637 1214 1997 1314 Hispano-

414 1373 579 1416 rum
615 1351 837 1427 votiS„
881 1367 953 1416 et
993 1344 1348 1418 desiderio
1386 1345 1606 1419 fueris
1648 1349 1996 1451 gratifica-

414 1504 555 1565 ωε,
576 1488 705 1584 qui
731 1481 947 1553 iidem
976 1482 1190 1555 valde
1214 1489 1443 1585 ipsam
1470 1509 1716 1557 amant
1736 1543 1754 1569 9
1775 1488 1991 1559 iidem

413 1620 504 1691 ab
525 1625 680 1720 ipsa
704 1624 1012 1693 vicissim
1040 1648 1126 1692 ex
1146 1626 1386 1693 animo
1412 1647 1777 1695 amantur.
1806 1626 1994 1698 Gau-

413 1755 578 1828 deat
611 1762 837 1859 igitur
870 1763 1088 1829 tantis
1126 1783 1339 1831 aucta
1371 1760 1577 1832 bonis
1612 1764 1989 1863 Hispania,

410 1921 805 1995 rerumque
835 1900 1161 1967 omnium
1197 1893 1552 1981 effectori,
1583 1923 1654 1970 et
1682 1900 1993 1971 modera-

411 2037 553 2102 tori
590 2034 750 2104 Deo
788 2055 961 2105 vota
1002 2030 1250 2116 faciat,
1290 2058 1375 2105 ut
1415 2058 1520 2118 te,
1565 2037 1989 2108 CAROLE

409 2171 654 2253 REX,
692 2193 946 2271 teque,
997 2171 1387 2243 ALOISIA
1438 2176 1771 2244 MARIA
1828 2177 1992 2245 RE-

409 2308 700 2389 GINA,
750 2307 1000 2389 salViS‚
1046 2330 1273 2408 atque
1318 2310 1804 2382 incolumibus
1844 2310 1989 2383 frui

410 2445 542 2516 sibi
568 2443 781 2516 liccat
808 2473 1031 2545 quam
1060 2431 1459 2518 diutissime
1473 2477 1491 2531 3
1518 2476 1760 2550 neque
1786 2454 1986 2549 prius

409 2588 717 2653 statione
745 2582 880 2653 hac
908 2583 1198 2654 mortali
1226 2582 1604 2657 defunctos
1628 2615 1666 2657 a
1700 2614 1772 2657 se
1799 2593 1991 2658 amit-

408 2743 513 2791 tat
535 2776 553 2802 ,
583 2749 805 2820 quam
833 2721 1291 2793 Successores
1324 2729 1785 2796 nanciscatur
1814 2748 1990 2795 aeta-

409 2863 498 2928 tis
536 2862 727 2930 inter
765 2887 836 2929 sc
868 2859 1210 2962 gradibus
1246 2859 1563 2961 dispares
1585 2918 1603 2944 ,
1637 2868 1859 2935 vestri
1905 2867 1991 2933 si-

409 2993 818 3068 militudine
864 3025 1102 3099 pares.
1148 2998 1367 3092 Quod
1410 3004 1690 3070 utinam
1737 2998 1986 3073 volens
