2545 3996
1251 619 1345 673 279

505 731 665 788 Bone
700 727 888 786 Deus!
925 750 1102 812 quem
1148 749 1257 811 ego
1297 727 1584 785 Pictorem
1632 727 1907 797 nomino,
1951 752 2082 788 cum

507 841 840 925 Mengsium
892 839 1165 898 nomino!
1228 839 1407 925 ipsius
1461 838 1750 924 siquidem
1801 839 2084 899 beneficio

507 950 724 1011 factum
759 972 870 1022 est,
904 971 970 1010 ut
1006 974 1178 1010 aureo
1215 951 1296 1009 illi
1331 952 1539 1012 Leonis
1574 951 1800 1011 saeculo
1840 976 1957 1011 non
1994 953 2083 1012 ad-

507 1064 747 1124 modum
784 1063 1169 1123 invideamus.
1214 1067 1410 1149 Atque
1444 1064 1671 1123 utinam
1707 1064 1830 1150 ipse
1866 1065 2086 1123 revivi-

505 1197 712 1247 sceret,
745 1197 811 1236 ut
845 1176 1091 1235 extincti
1126 1177 1475 1235 Maecenatis
1516 1176 1603 1235 sui
1631 1195 1789 1260 gesta
1818 1176 2083 1263 depinge-

507 1290 619 1349 ret!
657 1290 789 1373 Ejus
825 1290 981 1348 enim
1018 1313 1194 1348 manu
1228 1310 1375 1348 esset
1411 1291 1762 1348 CAROLVS
1797 1289 2086 1349 celebran-

508 1402 639 1473 dus,
675 1403 835 1485 cujus
876 1402 998 1488 ipse
1042 1402 1313 1486 dignitati
1354 1422 1412 1461 et
1451 1399 1717 1461 fortunae
1757 1401 2086 1463 liberalissi—

512 1538 602 1573 me
644 1512 811 1574 favit.
855 1518 1116 1574 Fortasse
1151 1539 1283 1573 cum
1324 1538 1525 1574 onmes
1562 1515 1725 1586 artis„
1767 1534 1826 1572 et
1868 1516 2088 1600 ingenii

511 1651 718 1687 nervos
754 1627 1109 1700 intenderet‚
1142 1627 1386 1712 dignum
1420 1627 1638 1713 aliquid
1672 1629 1868 1713 regiis,
1903 1652 1963 1687 ac
1991 1629 2089 1687 im-

511 1740 849 1800 mortalibus
885 1740 1105 1800 meritis
1140 1761 1623 1827 repraesentaret.

617 1853 827 1912 Vidisti
876 1852 1186 1922 hactenus,
1228 1856 1726 1915 BEATISSIME
1782 1859 2089 1926 PATER,

509 1986 794 2051 quantum
831 1965 970 2026 haec
1013 1991 1157 2026 mea*
1186 1967 1398 2026 virium
1439 1968 1804 2028 imbecillitas
1845 1989 2093 2056 praesta-

508 2103 566 2138 re
602 2080 819 2166 potuit,
855 2083 1234 2140 CAROLVM
1276 2083 1541 2141 REGEM.
1582 2082 1729 2142 Vide
1764 2081 1936 2142 modo
1969 2081 2093 2141 bre-

509 2192 768 2264 vissime,
805 2193 962 2279 quod
996 2193 1165 2277 hujus
1195 2195 1486 2255 sanctitati
1512 2195 1623 2255 loci
1651 2194 1934 2282 prolixius
1963 2218 2090 2254 con-

511 2306 709 2365 venire
746 2306 1063 2380 videretur,
1090 2309 1469 2367 CAROLVM
1505 2311 1960 2368 CATHOLICVM.
1998 2310 2090 2367 At-

511 2444 622 2504 que
658 2418 750 2477 hic
786 2419 1083 2479 renovabo
1117 2420 1274 2505 quod
1310 2421 1476 2481 initio
1511 2421 1621 2503 jam
1649 2420 1797 2491 dixi,
1826 2419 1970 2479 mihi
1998 2421 2089 2479 sci-

507 2532 643 2592 licet
676 2531 957 2592 difficilius
993 2556 1114 2592 esse
1150 2532 1219 2593 ad
1254 2534 1655 2605 statuendum,
1689 2533 1790 2592 ubi
1827 2532 2088 2594 desinere

511 2645 744 2717 debeat,
779 2670 951 2731 quam
987 2645 1142 2705 unde
1178 2647 1432 2733 incipere
1474 2647 1679 2706 oratio,
1729 2649 1911 2706 Tanta
1954 2667 2090 2706 sunt

512 2758 667 2817 enim
705 2759 1035 2818 testimonia
1070 2759 1327 2846 pietatis,
1363 2784 1507 2845 quae
1544 2783 1822 2847 oppresso
1857 2761 1992 2842 jam,
2029 2780 2087 2818 et

514 2870 811 2930 anhelanti
844 2872 1103 2957 undique
1138 2893 1471 2947 occurrunt,
1501 2894 1589 2944 111,
1616 2873 1662 2933 si
1692 2897 1918 2942 01111165,
1946 2892 2089 2956 quot

517 3004 659 3069 quot
698 3009 940 3071 usquam
982 3007 1145 3057 sunt,
1191 2986 1300 3046 viri
1342 2985 1681 3072 eloquentes
1724 2986 1791 3045 ad
1835 3009 1896 3043 ea
1933 2983 2089 3041 cele—
