2545 3996
1196 646 1295 699 J]

449 747 751 829 gationum
779 747 1039 809 cursibus
1068 751 1374 826 obeundis,
1398 756 1908 846 describendisque
1938 790 2027 823 no-

447 857 622 929 biles„
657 860 703 918 si
744 861 845 944 qui
887 861 1008 932 alii,
1050 884 1107 922 et
1148 864 1423 927 illustres.
1466 872 1778 931 Testantur
1822 865 2026 959 Angli,

444 993 590 1054 quos
638 970 967 1033 Balearibus
1020 976 1340 1037 minoribus
1392 982 1638 1052 amissis,
1684 982 2027 1047 honestissi-

442 1105 595 1141 mam
622 1107 824 1169 pacem
853 1088 1161 1172 expetiisse
1190 1093 1587 1174 cognovimus.
1618 1098 1761 1155 Tota
1791 1097 2025 1159 demum

442 1213 685 1254 testatur
720 1200 977 1284 Europa,
1018 1200 1179 1282 cujus
1216 1201 1356 1262 haec
1393 1204 1639 1265 invaluit
1680 1209 1879 1294 opinio
1915 1236 2026 1271 cer-

440 1306 682 1380 tissima,
723 1329 781 1367 et
821 1312 1143 1385 verissima,
1183 1313 1613 1388 dissidentium,
1655 1320 1805 1380 inter
1845 1348 2023 1410 seque

438 1416 783 1479 bellantium
830 1424 1189 1510 Principum,
1241 1426 1311 1485 ad
1363 1452 1611 1512 quorum
1662 1453 1854 1518 partes
1902 1462 2022 1498 sese

438 1530 711 1616 Hispania
739 1535 1104 1621 applicuerit,
1132 1562 1279 1622 quos
1308 1538 1482 1599 classe
1511 1542 1743 1623 juverit⁷
1771 1571 2021 1632 quorum

435 1664 573 1727 opes
609 1641 845 1717 foverit‚
880 1672 975 1708 eos
1012 1674 1320 1737 prosperos
1354 1676 1549 1713 rerum
1585 1678 1828 1719 eventus
1865 1659 2022 1722 habi-

436 1773 629 1828 turos,
675 1759 1094 1848 magnificeque
1143 1763 1214 1823 de
1259 1764 1524 1826 hostibus
1572 1768 1850 1831 relaturos
1898 1798 2019 1834 esse

435 1867 825 1954 triumphum.

523 1983 593 2039 Et
629 1981 722 2042 hic
759 1984 1119 2059 mirabimur,
1156 2009 1318 2049 tanto
1353 1992 1461 2052 sub
1498 1997 1656 2079 Rege
1690 2021 1841 2057 nova
1875 1999 2020 2058 aedi-

430 2091 574 2164 ficia,
610 2118 788 2155 novas
824 2120 1041 2183 portas,
1078 2125 1227 2161 nova
1255 2106 1507 2176 moenia,
1541 2131 1753 2167 novam
1782 2111 2015 2171 urbium

430 2203 636 2266 faciem
671 2212 1039 2296 apparuisse?
1075 2214 1222 2273 Mihi
1257 2241 1420 2288 verQ
1455 2221 1743 2281 CAROLI
1778 2223 2014 2284 consilia

430 2323 748 2406 reputanti7
785 2325 1070 2384 CAROLI
1106 2325 1246 2386 haec
1280 2326 1456 2403 factaa
1491 2356 1641 2416 quae
1675 2357 1779 2420 per
1814 2359 1872 2394 se
1907 2361 2016 2396 ma-

429 2455 564 2517 gna,
597 2453 655 2493 et
690 2433 1043 2496 admirabilia
1080 2439 1446 2514 viderentur,
1478 2445 1669 2505 minus
1704 2447 1895 2507 mirari
1929 2473 2015 2507 su-

429 2544 532 2604 bit.
569 2549 766 2632 Longe
801 2550 1120 2609 maximum
1160 2575 1306 2639 opus
1345 2552 1456 2615 fuit
1491 2560 1901 2619 commercium
1935 2561 2013 2620 ul-

431 2678 549 2729 tm,
583 2660 846 2746 citroque
883 2662 1256 2749 amplificare,
1296 2687 1352 2725 et
1389 2670 1727 2730 oscitantem
1764 2674 2013 2759 populo-

430 2792 555 2828 rum
592 2771 931 2834 industriam
969 2777 1205 2861 erigere.
1241 2779 1401 2838 Miris
1438 2780 1703 2844 laudibus
1745 2788 2010 2847 vetustis-

429 2882 557 2941 simi
585 2882 840 2946 historici
869 2888 1300 2974 Carthaginem,
1329 2912 1386 2951 et
1414 2895 1757 2957 Corinthum
1794 2900 2011 2985 praedi-

430 3015 578 3068 cant‚
606 2998 764 3081 quod
786 3021 1034 3062 armatae
1054 3004 1250 3075 muris,
1272 3006 1679 3093 succintaeque
1698 3011 2008 3096 portubus⁷

1769 3122 1784 3148 ll
1809 3132 1823 3148 ,ι
