2545 3996
1255 641 1358 696 27

517 745 700 808 sterili
752 749 1088 808 recitatione
1140 774 1333 809 rursus
1386 774 1714 838 exponam,
1763 773 1862 814 aut
1913 757 2087 817 etiam

518 860 653 919 artis
698 860 988 921 coloribus
1027 860 1275 921 efferam.
1321 865 1441 922 Hoc
1483 889 1669 925 unum
1711 865 1947 928 habete:
1983 870 2094 929 de-

516 971 805 1031 ridentem
867 973 1059 1059 ipsum
1117 973 1361 1034 sollicita
1410 976 1772 1038 Medicorum
1826 981 2091 1054 consilia,

516 1082 917 1170 solantemque
962 1109 1126 1158 suos.,
1166 1110 1415 1172 quorum
1457 1089 1637 1150 mirus
1680 1112 1800 1150 erat
1840 1116 2093 1153 consen-

516 1220 610 1256 sus
652 1198 860 1257 amoris
902 1198 963 1258 in
1004 1222 1168 1273 eum,
1208 1203 1461 1261 Mortem
1509 1201 1579 1261 ad
1620 1226 1679 1262 se
1717 1202 1829 1286 jam
1868 1228 2092 1292 prope-

518 1328 743 1369 rantem
778 1310 1110 1398 adspexisse
1146 1311 1241 1372 illa
1277 1313 1399 1400 ipsa
1435 1337 1661 1386 secura,
1702 1336 1873 1401 atque
1916 1318 2093 1378 inter-

516 1420 623 1480 rita
658 1420 881 1494 fronte,
922 1448 1036 1509 qua
1083 1448 1315 1511 semper
1353 1450 1442 1486 res
1483 1426 1764 1488 humanas
1807 1429 2092 1516 adspexe-

512 1552 624 1592 rat.
672 1537 812 1593 Eam
855 1555 1048 1595 autem
1089 1559 1221 1596 cum
1256 1538 1496 1624 propius
1530 1539 1642 1622 jam
1683 1540 1878 1601 adesse
1913 1544 2092 1603 senti—

512 1665 622 1716 ret,
663 1648 832 1708 sacris
867 1648 1162 1720 omnibUS‚
1203 1650 1415 1735 quibus
1456 1653 1722 1713 morituri
1762 1657 2092 1741 praemuni-

511 1758 559 1817 ri
595 1758 806 1831 solent,
843 1784 1050 1845 magna
1084 1785 1215 1821 cum
1257 1764 1433 1822 animi
1474 1767 1848 1826 veneratione
1889 1793 2092 1828 susce—

512 1872 652 1958 ptis:
693 1873 1079 1958 arcessitoque
1126 1874 1584 1963 Archiepiscopo
1628 1880 1896 1939 Corinthi
1937 1885 2090 1941 Ora—

511 2003 634 2044 tore
671 1984 825 2071 apud
852 2009 910 2044 se
938 2006 1062 2057 tUO,
1100 1989 1608 2049 BEATISSIME
1657 1994 1955 2065 PATER,
1991 1995 2089 2080 qui

510 2097 831 2157 solemnem
884 2097 1041 2158 illam
1094 2099 1332 2186 culpae,
1382 2125 1722 2189 poenaeque
1775 2107 2008 2166 veniam
2055 2133 2083 2167 a

510 2214 637 2270 Deo
684 2210 829 2284 sibi,
882 2231 941 2270 et
993 2236 1022 2271 a
1063 2213 1340 2273 Pontifice
1380 2236 1738 2301 precaretur:
1778 2242 2088 2280 commen—

509 2323 649 2383 dans
684 2343 996 2409 regnaturo
1031 2324 1177 2384 Filio
1212 2325 1481 2399 domum,
1514 2330 1788 2416 populos,
1824 2352 1883 2390 et
1910 2357 2086 2418 quam

509 2460 740 2524 semper
774 2437 1027 2524 priorem
1062 2458 1121 2497 et
1161 2439 1437 2500 cariorem
1478 2439 1711 2515 habuit,
1752 2444 2082 2507 Catholicae

509 2550 830 2635 Religionis
848 2548 1273 2622 defensionem,
1299 2576 1434 2613 vere
1464 2556 1734 2639 Magnus,
1761 2582 1896 2620 vere
1923 2559 2083 2631 Pius,

509 2663 767 2750 plurium
806 2664 930 2751 ipse
974 2667 1312 2748 Regnorum
1353 2667 1710 2742 moderator,
1744 2689 1801 2729 et
1838 2671 2083 2742 arbiter,

509 2798 723 2861 gener,
755 2799 947 2850 socer,
985 2774 1184 2850 frater,
1230 2798 1290 2838 et
1332 2803 1541 2867 parens
1589 2785 1846 2867 Regum,
1885 2784 2083 2844 bello-

508 2913 638 2948 rum
672 2888 858 2949 victor
891 2909 949 2949 et
983 2890 1300 2962 extinctor,
1334 2894 1489 2980 pacis
1523 2896 1885 2965 conciliator,
1924 2896 2082 2957 Chri-

509 3002 679 3062 stiani
725 3002 975 3064 nominis
1025 3003 1327 3078 columen,
1378 3006 1579 3066 aetatis
1634 3028 1860 3068 nostrae
1908 3033 2077 3068 orna-
