2545 3923
1335 622 1448 676 26

573 733 766 792 tulum
808 733 868 792 in
911 731 1038 818 ipso
1082 731 1235 790 vitae
1278 729 1480 790 limine
1523 729 1775 817 ploravit
1817 726 2148 812 abreptum:

572 867 823 930 eumque
873 844 976 903 vix
1020 842 1221 927 lugere
1268 841 1544 912 desierat,
1596 839 1828 927 quando
1873 835 2148 898 Gabriele

571 956 690 1016 filio
717 1003 728 1014 .
756 1003 767 1015 .
796 1003 806 1014 .
835 1002 847 1014 .
874 955 1014 1015 heu!
1053 954 1324 1015 Gabriele
1360 953 1614 1040 quoque!
1653 950 1947 1021 Gabriele,
1974 972 2150 1035 quem

574 1092 735 1128 suam
771 1068 988 1141 lucem,
1033 1091 1201 1127 suum
1243 1066 1595 1126 desiderium
1637 1087 1867 1136 vocare,
1902 1084 2018 1148 quo
2053 1083 2150 1120 se—

575 1200 874 1241 nectutem
910 1203 1189 1250 recreare,
1224 1198 1396 1264 atque
1432 1176 1721 1238 oblectare
1757 1173 2002 1245 solebat,
2037 1193 2150 1232 tur-

573 1293 712 1354 bine
754 1292 939 1353 veluti
981 1290 1233 1377 quodam
1268 1289 1524 1363 sublatO,
1565 1289 1718 1349 illius
1758 1288 1960 1347 clausit
2004 1309 2151 1345 ocu-

573 1405 687 1476 los,
727 1430 755 1465 a
799 1428 915 1490 quo
956 1404 1163 1464 melius
1203 1402 1389 1463 claudi
1430 1403 1707 1490 cupiisset
1749 1423 1907 1460 suos.
1957 1397 2151 1467 Scitis,

577 1517 917 1588 AuditoreS,
951 1536 1200 1603 quantus
1244 1515 1378 1575 inde
1414 1535 1618 1601 stupor
1652 1512 1923 1573 attonitas
1963 1510 2151 1569 homi-

575 1654 717 1690 num
752 1649 979 1689 mentes
1015 1628 1356 1716 perculerit,
1391 1627 1490 1712 qui
1527 1645 1615 1685 tot
1642 1624 1914 1685 funerum
1941 1623 2148 1683 seriem

574 1743 744 1802 tacite
779 1766 973 1802 seeum
1009 1742 1121 1828 ipsi
1156 1740 1487 1811 volventes,
1521 1738 1714 1797 neseio
1750 1735 1891 1822 quid
1918 1736 2148 1820 gravius

574 1854 849 1943 portendi
902 1853 1340 1925 ominabantur,
1391 1851 1547 1938 quod
1600 1874 1718 1910 non
1755 1849 1865 1909 illis
1906 1848 2150 1922 finibus,

576 1991 769 2053 neque
804 1967 915 2026 illis
951 1966 1241 2053 capitibus
1275 1965 1625 2024 limitaretur
1647 2009 1659 2021 .

666 2082 883 2139 Verum
919 2079 1109 2138 absint
1144 2101 1321 2137 vanae
1358 2075 1687 2157 hujusmodi
1732 2073 1894 2158 vulgi
1935 2097 2152 2161 praesa-

576 2191 850 2276 gitiones,
885 2191 1215 2251 Christiano
1251 2193 1492 2249 Oratore
1529 2188 1828 2272 indignae,
1852 2206 1910 2246 et
1945 2186 2014 2246 ab
2050 2186 2151 2245 hu-

576 2305 661 2387 jus
696 2304 976 2389 religione
1010 2303 1121 2363 loci
1155 2302 1475 2390 plurimum
1510 2300 1917 2360 abhorrentes.
1964 2300 2150 2359 Satius

578 2418 690 2476 erit
743 2417 967 2488 dicere,
1028 2414 1521 2502 quemadmodum
1587 2437 1789 2474 aurum
1850 2413 2019 2497 igne,
2074 2413 2150 2471 ita

576 2532 989 2590 CAROLVM
1035 2529 1360 2600 laboribus,
1403 2548 1461 2587 et
1508 2527 1795 2587 aerumnis
1839 2525 1909 2584 ad
1955 2545 2152 2585 extre-

577 2666 739 2702 mum
774 2644 926 2703 Vitae
962 2662 1305 2730 purgatum,
1340 2642 1589 2701 vicinam
1623 2640 1738 2722 jam'
1768 2638 1878 2698 sibi
1914 2638 2149 2698 immor-

579 2755 863 2815 talitatem
902 2755 1315 2843 praesensisse.
1368 2755 1472 2814 Hic
1513 2775 1652 2811 vero
1688 2775 1760 2810 ne
1803 2752 2148 2837 expectetis,

581 2867 923 2939 AuditoreS,
961 2867 1100 2927 dum
1141 2891 1249 2951 ego
1291 2864 1671 2926 moribundae
1713 2864 1946 2950 pietatis
1993 2864 2152 2923 testi-

580 2979 906 3051 ficationes,
955 3004 1093 3066 quas
1146 2980 1359 3065 singuli
1412 2977 1585 3038 fando
1639 2977 2002 3047 audivimUS,
2054 2995 2149 3035 aut
