2545 3923
1323 604 1426 654 22

556 708 817 794 patribus
848 709 1057 767 nostris
1086 708 1403 768 mirabilius
1431 730 1517 769 est
1546 710 1760 780 visum,
1788 707 1943 793 quod
1971 727 2132 766 antea

556 820 624 879 ad
651 820 1004 880 lacerandam
1046 821 1291 891 Italiama
1324 823 1483 906 quasi
1520 820 1766 881 famelici
1810 845 2002 890 631165,
2037 840 2133 879 aut

558 934 732 1004 avidi,
769 931 1082 1019 infestique
1118 933 1402 1005 vultures,
1436 954 1665 994 exterae
1702 935 1962 993 nationes
2002 956 2136 991 con-

557 1046 871 1117 volassem,
898 1065 956 1106 et
985 1046 1274 1134 pacificam
1302 1047 1457 1107 orbis
1487 1068 1667 1106 terrae
1696 1047 1953 1130 reginam
1972 1070 2127 1105 5113111

555 1159 739 1218 veluti
768 1160 1037 1246 praedam
1074 1160 1461 1247 putavissent.
1497 1160 1774 1234 Quamvis
1810 1179 2002 1217 autem
2038 1183 2133 1217 na-

553 1291 679 1331 tura
721 1273 1218 1337 mansuetissimus
1261 1294 1440 1347 esset,
1483 1272 1616 1332 odio
1657 1295 1886 1358 semper
1928 1271 2131 1330 acerbo

552 1384 739 1444 odisse
768 1406 999 1472 peccata
1026 1384 1137 1445 fuit
1165 1387 1347 1446 Visus:
1381 1409 1629 1471 cumque
1659 1385 1763 1444 ista
1793 1384 2026 1471 populis
2055 1381 2132 1442 of-

550 1495 799 1557 fensioni
833 1497 1025 1558 futura
1053 1499 1353 1581 judicaret,
1397 1498 1784 1558 severioribus
1835 1497 2009 1556 etiam
2053 1496 2132 1579 ju-

551 1610 739 1684 diciis,
792 1612 1063 1697 regiaque
1102 1612 1502 1696 indignatione
1538 1611 1859 1697 proposita,
1894 1632 2132 1696 peccan-

550 1724 698 1783 tium
731 1724 1039 1784 libidinem
1075 1724 1481 1810 audaciamque
1510 1747 1771 1783 coercere
1799 1721 2129 1781 contendit.

548 1840 761 1896 Contra
807 1861 945 1897 vero
988 1838 1141 1924 pios,
1184 1857 1242 1896 et
1290 1838 1589 1922 religiosae
1632 1834 1814 1895 famae
1862 1835 2129 1895 homines

550 1950 848 2010 neminem
891 1974 1169 2036 umquam
1214 1975 1425 2010 amasse
1467 1949 1789 2023 ardentum,
1832 1949 2129 2008 neminem

547 2064 729 2147 inagis
786 2086 1053 2133 ornasse,
1100 2066 1396 2122 neminem
1456 2064 1698 2146 largiiiS,
1741 2082 1800 2121 et
1843 2062 2128 2149 prolixius

546 2176 922 2263 complexum
958 2201 1080 2236 esse
1108 2175 1524 2262 comperimus.
1561 2178 1783 2235 Horum
1819 2175 1976 2233 enim
2002 2197 2129 2232 con-

546 2289 687 2349 siliis
730 2290 1104 2375 potissimum
1143 2288 1442 2359 utebatur,
1476 2313 1688 2374 eosque
1734 2286 2127 2372 adloquend0‚

549 2401 835 2488 quidquid
869 2427 897 2462 a
932 2403 1204 2487 gravibus
1239 2402 1405 2487 regni
1439 2402 1587 2462 curis
1622 2401 1863 2461 dabatur
1905 2399 2035 2474 otii,
2072 2400 2127 2458 li-

550 2515 891 2575 bentissime
927 2513 1339 2602 profundebat.

641 2630 798 2687 Hanc
833 2648 987 2689 certe
1023 2629 1255 2716 pietatis
1291 2629 1547 2689 indolem
1575 2652 1686 2687 una
1713 2651 1843 2686 611111
1870 2626 2014 2685 lacte
2042 2651 2128 2685 511-

554 2740 732 2811 xisse,
767 2761 1053 2802 testantur
1089 2766 1233 2828 quae
1270 2766 1343 2802 ex
1378 2743 1505 2829 ipso
1541 2739 1724 2800 adhue
1760 2738 2006 2826 puerulo
2043 2763 2127 2798 311-

549 2853 701 2912 ditae
749 2873 886 2913 sunt
934 2878 1136 2928 voees,
1179 2874 1525 2941 erumpente
1566 2851 1747 2925 foras,
1788 2875 1963 2937 seque
2013 2851 2123 2933 jam

548 2985 675 3025 tum
712 2990 873 3025 aurea
914 2967 1199 3053 prodente
1228 2987 1448 3027 natura.
1483 2965 1594 3026 Sed
1621 2964 1850 3049 egregia
1879 2963 2121 3037 semina,
