2545 3996
1175 660 1273 714 «15

432 786 771 852 sequeretur
796 767 977 852 legeS‚
1004 785 1174 839 arteS‚
1202 767 1463 840 inventa,
1491 793 1639 854 quae
1659 775 1971 833 CAROLV
1979 778 2012 833 S

433 879 592 950 tulit,
633 879 895 950 induxit,
931 880 1265 966 proposuit,
1298 901 1363 940 ut
1397 884 1903 967 quaestuosissima
1936 909 2017 945 re-

429 1015 558 1051 rum
586 992 847 1051 omnium
875 1010 1194 1051 mercatura
1232 993 1496 1078 vigeret?
1530 996 1669 1069 Quis
1696 1019 1803 1082 pro
1834 996 2016 1082 digni—

430 1123 546 1164 tate
573 1102 814 1165 referret
842 1103 1358 1191 prudentissimum
1387 1106 1531 1166 illud
1548 1108 2015 1180 institutum‚cui

430 1217 638 1277 merito
678 1216 1097 1276 Robertsonius
1139 1218 1447 1304 Hispaniae
1488 1217 1824 1280 felicitatem
1867 1223 2019 1281 attri-

431 1330 585 1401 buit,
620 1350 685 1389 ut
725 1330 1040 1400 onerariae‚
1075 1348 1134 1388 et
1168 1332 1454 1390 vectoriae
1494 1356 1670 1393 naves
1710 1357 1782 1393 ex
1823 1335 2018 1421 Hispa-

433 1444 525 1502 nia
560 1443 619 1502 in
655 1443 983 1501 American]
1024 1441 1331 1502 ordinatim
1372 1444 1694 1519 solverent,
1732 1466 1790 1506 et
1824 1471 2016 1507 rursus

432 1579 505 1614 ex
540 1555 805 1614 America
840 1554 898 1613 in
934 1555 1271 1641 Hispaniam
1306 1558 1669 1641 navigarent„
1704 1582 1820 1643 quo
1849 1560 2017 1619 certis

435 1667 654 1728 nuntiis
695 1666 995 1727 mittendis
1037 1669 1532 1756 accipiendisque,
1574 1671 1802 1742 arctior,
1844 1692 2018 1757 atque

431 1779 627 1839 utilior
665 1780 817 1838 inter
851 1799 1166 1866 utrumque
1207 1782 1408 1842 orbem
1449 1784 1698 1842 coiretur
1738 1785 2018 1844 societas?

433 1893 572 1966 Quis
607 1891 877 1963 alterium
917 1917 1098 1979 aeque
1140 1895 1475 1980 providum„
1514 1914 1571 1955 et
1613 1897 1866 1982 sapiens,
1901 1921 2017 1982 quo

437 2005 846 2064 Americanum
896 2008 1339 2079 commercium,
1382 2009 1510 2067 unis
1563 2009 1702 2068 olim
1754 2008 2016 2068 Gadibus

429 2116 824 2203 praefinitum,
851 2118 1068 2201 jussum
1097 2141 1183 2179 est
1211 2145 1315 2207 per
1343 2144 1544 2181 omnes
1572 2123 1760 2205 Regni
1788 2122 2019 2181 Provin-

431 2231 545 2290 cias
581 2230 847 2303 diffundi,
881 2230 1029 2292 facta
1069 2233 1281 2292 scilicet
1325 2234 1733 2317 navigantibus
1774 2254 2019 2320 potesta-

432 2364 489 2403 te
524 2345 893 2430 exportandi,
921 2345 1353 2431 recipiendique
1384 2369 1598 2405 merces
1628 2346 1806 2420 unde,
1833 2367 1891 2406 et
1917 2347 2019 2407 ubi

434 2456 638 2516 melius
665 2481 771 2543 pro
798 2482 857 2517 re
886 2458 1130 2543 quisque
1158 2459 1389 2545 propria
1419 2458 1696 2518 duxisset.
1732 2460 1871 2534 Quis
1898 2484 2019 2547 por-¹

436 2570 577 2629 toria
612 2570 861 2641 sublata,
897 2571 1115 2630 tributa
1150 2591 1246 2630 aut
1281 2571 1494 2642 deleta,
1530 2591 1627 2631 aut
1661 2573 1886 2658 parcius
1920 2573 2019 2632 iin-

436 2702 658 2767 perata‚
693 2683 944 2744 colonias
978 2683 1277 2755 deductas„
1315 2683 1698 2770 multiplicata
1740 2686 2019 2771 emporia,

438 2796 751 2882 explicatas
787 2797 932 2867 vias,
966 2796 1270 2884 permissas
1304 2797 1728 2869 immunitates,
1769 2819 2020 2858 constru-

437 2928 553 2967 ctas
582 2909 770 2981 aedes,
799 2911 1091 2997 proposita
1118 2910 1395 2996 praemia⁷
1429 2909 1669 2971 directas
1710 2935 1906 2995 aquaS‚
1932 2911 2021 2970 de-

441 3022 621 3080 rivata
658 3022 915 3094 flumina,
955 3046 1073 3082 non
1114 3023 1298 3082 dicam
1342 3023 1652 3095 illustrare,
1691 3023 1789 3083 sed
1824 3046 2025 3110 prope-
