2545 3996
1255 608 1358 661 2]

512 720 655 790 veri‚
673 739 772 778 aut
788 718 1041 778 invitum
1062 716 1323 776 abdicare
1339 716 1612 801 coegerit.
1635 717 1917 776 Modestia
1934 718 2091 789 item„

519 832 855 917 ingeniique
898 830 1344 890 mansuetudine
1388 851 1505 889 tam
1541 830 1782 915 insigni,
1816 850 1880 889 ut
1916 830 1974 889 in
2001 830 2095 890 be-

511 944 700 1003 neficii
745 943 870 1002 loco
911 963 1187 1030 poneret,
1228 944 1338 1003 sibi
1377 944 1736 1003 occasionem
1777 942 1896 1002 dari
1936 943 2093 1027 igno-

512 1056 736 1127 scendi,
771 1076 830 1115 et
864 1055 1012 1115 nihil
1047 1080 1226 1142 aeque
1262 1054 1425 1115 facile
1466 1056 1844 1127 condonaret,
1886 1080 1945 1115 ac
1979 1056 2089 1115 sibi

511 1169 693 1229 illatas
729 1169 983 1252 injurias.
1018 1169 1192 1252 Cujus
1240 1168 1476 1254 quidem
1520 1169 1602 1227 rei
1642 1167 1848 1228 habuit
1883 1169 2092 1256 Hispa-

512 1283 605 1342 nia
639 1281 1015 1342 memorabile
1052 1282 1390 1368 exemplum
1420 1282 1479 1340 in
1508 1281 1634 1340 Viro
1663 1282 1978 1368 praestanti
2007 1304 2092 1365 ge-

510 1395 661 1455 neris
703 1396 985 1468 claritate„
1031 1395 1130 1480 qui
1184 1418 1316 1453 cum
1369 1394 1693 1481 postulatus
1746 1413 1897 1453 esset
1939 1393 2092 1480 apud

511 1511 811 1579 Senatum,
844 1528 903 1567 et
933 1508 1001 1568 ad
1028 1507 1208 1594 ipsius
1241 1507 1674 1567 damnationem
1707 1506 1824 1566 sola
1851 1526 2092 1565 restaret

509 1622 683 1706 Regis
712 1620 1088 1708 subscriptio:
1116 1620 1579 1693 Subscriberem.,
1606 1624 1733 1680 Rex
1761 1620 1975 1704 inquit,
2013 1620 2093 1678 ni-

509 1735 555 1794 si
579 1758 671 1793 me
693 1758 927 1819 quoque
956 1758 1085 1793 reus
1115 1754 1453 1793 attentasset
1476 1733 1721 1817 injuriis.
1748 1732 1978 1793 Scilicet
2006 1756 2093 1819 pa-

508 1848 825 1907 trocinatus
854 1867 940 1905 est
968 1846 1195 1906 homini
1223 1848 1377 1934 apud
1405 1849 1780 1907 CAROLVM
1817 1845 1912 1905 ille
1942 1846 2090 1932 ipse,

511 1985 538 2018 a
590 1984 706 2046 quo
763 1960 1005 2019 minime
1062 1960 1491 2047 expectandum
1557 1979 1676 2018 erat
1698 2007 1711 2030 ‚
1772 1962 2090 2019 CAROLI

511 2074 735 2133 animus
771 2073 966 2160 paullo
1003 2072 1299 2144 offensio&
1343 2094 1514 2159 atque
1558 2073 1855 2132 irritatior.
1906 2073 2089 2158 Atqui

510 2211 642 2246 cum
684 2212 810 2247 suas
856 2187 981 2275 ipse
1028 2187 1260 2271 injurias
1304 2187 1460 2246 ultro
1508 2185 1869 2256 remitteret,
1919 2210 2092 2270 quam

508 2301 744 2360 caeteris
780 2301 1019 2385 irrogari
1054 2324 1172 2360 non
1208 2319 1533 2387 pateretur,
1569 2298 1915 2358 meministis
1944 2298 2092 2357 Veli-

512 2415 663 2473 terni
713 2415 899 2485 civeS‚
946 2434 1003 2473 et
1058 2438 1162 2473 nos
1212 2414 1323 2500 ipsi
1370 2412 1769 2483 meminimus.,
1809 2436 1940 2471 cum
1986 2411 2090 2471 hac

508 2529 618 2588 iter
653 2526 898 2587 faciente
934 2529 1248 2587 CAROLO
1284 2526 1353 2585 ad
1389 2526 1650 2585 Italicum
1686 2526 1940 2598 bellum,
1974 2549 2090 2583 ne-

510 2666 604 2701 mo
638 2666 894 2728 unquam
924 2665 996 2701 ex
1024 2660 1187 2699 tanto
1215 2639 1474 2698 exercitu
1503 2660 1597 2698 aut
1632 2660 1964 2711 veteranus,
1992 2658 2087 2697 aut

509 2775 642 2841 tyro
678 2755 947 2840 cuiquam
976 2778 1048 2813 ex
1076 2752 1288 2813 nostris
1317 2751 1592 2811 damnum
1629 2750 1842 2811 inferre
1879 2752 1951 2811 sit
1988 2775 2090 2809 au-

510 2892 629 2938 sus3
672 2865 935 2927 frenante
989 2866 1207 2927 scilicet
1253 2862 1541 2924 infrenem
1594 2864 1848 2924 militum
1902 2864 2090 2923 licen-

510 2980 647 3040 tiam
703 2979 1147 3040 moderatissimi
1199 2978 1571 3065 Imperatoris
1629 2977 1848 3037 edicto:
1910 2976 2085 3060 idque
