2545 3996
1205 600 1250 653 5

433 724 573 774 tate,
614 729 787 789 quam
823 704 959 764 olim
988 705 1058 765 ad
1085 707 1489 792 auspicandam
1517 711 1779 773 militiam
1820 719 2014 777 consti-

434 817 678 876 tuebant
704 817 982 876 Romani?
1009 821 1075 877 In
1102 843 1165 878 ea
1193 841 1343 879 certe
1373 824 1668 907 egregium
1698 825 2013 888 adolescen-

431 948 549 987 tem
591 930 1090 990 exercitatissimos
1131 956 1295 991 senes
1330 957 1518 994 rerum
1562 940 1891 999 maturitate
1927 965 2009 1000 an-

430 1042 716 1100 tevenisse
751 1041 1025 1113 vidimus,
1060 1063 1118 1102 et
1153 1045 1433 1105 Ludovici
1469 1047 1623 1109 illius
1652 1052 1849 1135 Magni
1882 1077 2009 1139 pro-

429 1173 703 1238 nepotem
739 1155 1098 1238 agnovimus.
1129 1158 1329 1216 Annos
1364 1160 1519 1218 enim
1557 1181 1723 1222 natus
1759 1184 2004 1250 septem-

429 1263 639 1335 decim,
666 1266 787 1352 ipse
813 1290 916 1352 per
944 1292 1002 1327 se
1029 1290 1309 1352 generoso
1336 1272 1588 1356 quodam
1624 1275 1798 1333 animi
1833 1277 2002 1363 impe-

428 1396 517 1447 tn,
553 1378 895 1463 acribusque
931 1380 1215 1462 Majorum
1250 1383 1493 1443 stimulis
1529 1385 1825 1458 incitatUS‚
1860 1389 2003 1448 reli-

426 1508 515 1547 cta
549 1490 758 1575 patria,
797 1490 1007 1550 relictis
1042 1493 1181 1563 suis,
1216 1494 1323 1553 iter
1358 1498 1609 1583 suscepit
1644 1498 2003 1585 impeditissi-

426 1624 606 1674 mum„
638 1626 841 1661 verum
867 1602 1007 1662 belli
1035 1601 1258 1665 fulmen
1285 1607 1504 1667 Italiam
1533 1610 1818 1670 vincendo
1849 1637 2003 1699 pera-

424 1714 636 1795 gravit.
672 1714 853 1788 Quale
883 1715 993 1797 jam
1023 1717 1156 1777 inde
1185 1719 1505 1806 imperandi
1533 1724 1881 1808 tyrocinium
1910 1750 2002 1812 po-

424 1825 627 1896 suerit,
661 1825 855 1886 dicent
891 1828 1284 1915 Neapolitani,
1320 1834 1423 1917 qui
1458 1834 1565 1893 sub
1602 1836 1722 1918 ejus
1758 1837 1998 1923 imperio

422 1957 655 2020 regnata
697 1941 944 1998 Saturno
986 1943 1209 2002 saecula
1249 1967 1383 2004 Vere
1425 1945 1659 2006 demum
1698 1948 2000 2009 adventas-

423 2074 481 2108 se
516 2070 821 2135 putarunt.
861 2051 1011 2111 Mihi
1046 2055 1331 2139 siquidem
1370 2057 1577 2118 leviter
1615 2063 2000 2146 perstringen-

422 2161 492 2220 da
533 2183 669 2222 sunt
706 2164 834 2235 ista,
872 2190 989 2225 non
1019 2167 1254 2251 quidem
1284 2170 1442 2253 quod
1474 2195 1560 2241 ea„
1596 2196 1743 2257 quae
1769 2177 1999 2235 CARO-

423 2275 560 2332 LVS
597 2277 843 2362 Neapoli
878 2280 1074 2362 gessit„
1109 2280 1242 2339 talia
1278 2306 1394 2341 non
1429 2281 1676 2355 fuerint,
1710 2286 1900 2370 qualia
1940 2308 1997 2347 et

422 2410 524 2445 uos
565 2388 920 2461 audivimus,
962 2414 1196 2476 magna,
1237 2413 1295 2452 et
1334 2395 1570 2467 eximia,
1614 2416 1671 2455 et
1712 2398 1819 2484 ipsi
1860 2400 1999 2459 effu-

420 2500 465 2557 si
506 2500 566 2558 in
599 2498 876 2586 lacrymas
911 2503 1065 2563 cives
1100 2525 1415 2578 testantur3
1455 2508 1553 2567 sed
1589 2511 1748 2594 quod
1788 2513 1994 2596 majora

421 2611 703 2695 quaedam
748 2616 1007 2701 rapiant„
1052 2638 1227 2703 atque
1274 2619 1619 2680 absorbeant
1663 2621 1993 2685 facultatem

421 2747 626 2784 meam:
660 2728 1023 2814 provideque
1059 2731 1381 2791 cavendum
1415 2734 1508 2803 sit,
1544 2760 1615 2794 ne
1651 2737 1708 2795 in
1747 2739 1993 2797 maximo

420 2858 611 2894 rerum
647 2840 901 2913 cumu10,
937 2843 1057 2930 ipsa
1092 2843 1263 2904 rebus
1292 2846 1551 2906 maximis
1587 2848 1782 2910 deesse
1810 2850 1994 2909 videa-

421 2967 516 3006 tur
551 2951 750 3009 oratio.
