2545 3923
1255 628 1350 683 JO

518 736 872 795 maritimum
917 734 1138 794 bellum
1183 736 1540 808 immineret,
1581 735 1937 823 hispanicam
1972 739 2092 822 qui-

521 850 654 908 dem
688 849 923 908 classem
959 849 1161 934 spiritu
1200 849 1324 935 ipso
1358 848 1557 909 difflari
1591 874 1757 937 posse
1785 849 2089 909 diceretur.

520 963 707 1021 Sensit
733 963 1106 1032 CAROLVS‚
1140 960 1287 1021 hanc
1315 987 1434 1022 esse
1464 961 1572 1022 sibi
1597 962 1948 1049 reipublicae
1976 987 2092 1050 par-

519 1095 638 1134 tem
673 1074 1162 1134 constituendam:
1202 1094 1261 1134 et
1298 1095 1364 1134 ut
1402 1096 1522 1135 erat
1561 1099 1789 1135 summo
1827 1076 2090 1159 ingenim

519 1206 576 1246 et
604 1187 865 1246 acumine
893 1186 1185 1274 praeditus
1213 1187 1283 1247 ad
1311 1187 1559 1247 videnda
1584 1212 1733 1273 quae
1761 1208 2091 1274 opportuna

520 1296 710 1358 forent
731 1349 745 1372 7
783 1323 1123 1386 summaque
1165 1301 1503 1360 auctoritate
1545 1300 1613 1360 ad
1646 1299 1991 1371 obtinenda,
2025 1323 2094 1360 eo

517 1411 684 1470 brevi
718 1435 841 1471 rem
876 1412 1140 1484 deduxit,
1174 1434 1239 1473 ut
1273 1414 1375 1499 qui
1410 1415 1569 1501 prius
1603 1412 1877 1484 ludibrio,
1911 1434 1969 1473 et
2002 1413 2094 1473 de-

520 1525 743 1610 spectui
778 1522 1029 1594 fuerant,
1063 1527 1264 1585 terrori
1299 1526 1410 1609 jam
1444 1546 1636 1586 essent
1665 1527 1926 1613 Hispani3
1961 1551 2093 1586 cum

517 1638 882 1723 septuaginta
915 1638 1148 1698 bellicas
1182 1663 1380 1710 naves,
1415 1639 1640 1724 aliaque
1676 1638 1974 1725 complura
2009 1664 2093 1699 na-

515 1749 805 1833 vigiorum
851 1773 1060 1835 genera
1110 1774 1312 1836 cogere
1358 1771 1627 1838 possent,
1673 1775 1986 1837 secumque
2033 1754 2092 1811 in

517 1862 723 1933 aciem,
767 1864 812 1922 si
858 1863 1094 1948 quando
1138 1888 1226 1923 res
1274 1864 1527 1935 tulisset⁷
1575 1864 1891 1924 adducere.
1939 1865 2092 1939 Quid

517 1997 654 2058 ergo
682 1974 814 2035 inde
849 1996 1075 2036 auctam
1104 1977 1162 2035 in
1190 1977 1538 2036 immensum
1566 1977 1817 2063 inclytae
1845 1979 2095 2038 nationis

517 2086 791 2171 gloriam?
825 2088 968 2173 quid
1001 2108 1399 2148 extructorum
1427 2090 1717 2149 navalium
1745 2090 2096 2174 magnitudi-

517 2199 688 2258 nem?
730 2200 873 2285 quid
912 2222 1190 2287 portuum
1225 2203 1727 2288 opportunitatem
1767 2203 2095 2289 exponam?

519 2311 661 2396 quid
690 2312 813 2371 illas
842 2313 1234 2385 molitionum,
1269 2334 1326 2373 et
1361 2335 1702 2401 sumptuum
1730 2339 1879 2402 pene
1914 2315 2094 2375 infini-

516 2443 710 2483 torum
747 2449 923 2497 arces,
959 2409 1274 2487 stationum
1309 2427 1767 2515 propugnacula‚
1800 2448 1858 2488 et
1892 2430 2097 2515 praesi-

518 2535 642 2596 dia?
676 2536 839 2597 Nihil
868 2563 1014 2626 opus
1043 2562 1128 2600 est
1157 2539 1370 2610 verbis·‚
1397 2540 1498 2600 ubi
1526 2537 1672 2600 facta
1701 2541 1821 2627 ipsa
1848 2541 2094 2626 loquun-

518 2668 630 2709 tur.
667 2654 936 2711 Testatur
970 2654 1257 2713 nauticam
1294 2654 1683 2740 Hispanorum
1717 2654 1982 2740 peritiam
2019 2657 2096 2714 Io-

514 2761 735 2823 hannes
771 2765 865 2824 ille
902 2769 1221 2852 Georgius„
1258 2767 1315 2826 in
1353 2766 1513 2849 cujus
1549 2766 1807 2852 sci’iptiS‚
1847 2766 1958 2826 late
1992 2791 2096 2853 per

516 2875 713 2936 orbem
744 2879 984 2962 vagaris,
1009 2880 1198 2939 virum
1227 2880 1313 2940 sui
1343 2878 1553 2939 saeculi
1581 2879 1903 2966 principem
1932 2877 2097 2939 fatea-

515 2989 590 3048 ris
626 3011 882 3077 oportet.
919 2995 1229 3052 Testantur
1263 2992 1568 3078 ΤοίῖἕηυεἼ
1603 3012 1660 3052 et
1696 2991 1891 3063 Ulloa.,
1925 2992 2096 3051 navi-
