2545 3923
1245 630 1325 687 II

491 783 862 865 poterant.
903 762 1077 834 Solii
1113 766 1316 834 istius
1354 767 1463 833 tui
1498 760 1810 843 excelsa,
1845 788 1925 832 ac
1959 788 2068 861 pe-

494 929 584 972 ne
618 900 862 973 divina
896 907 1263 1001 majestasg
1300 905 1737 971 conscientia
1772 903 2067 970 tenuita-

494 1044 580 1109 tis
617 1066 816 1109 meae
857 1036 1075 1137 plane
1108 1043 1476 1140 cognitae,
1517 1060 1740 1137 atque
1779 1064 2068 1137 perspe-

489 1198 683 1258 ctae3
723 1175 979 1276 hujus,
1016 1204 1237 1275 quarn
1272 1174 1508 1258 vides,
1548 1178 1891 1246 orationis
1928 1179 2067 1245 ino-

1813 1316 2027 1413 genio
2046 1367 2064 1393 9

490 1477 732 1550 neque
754 1472 909 1520 arte
932 1448 1276 1550 expolita3
1308 1456 1546 1550 ipsum
1579 1448 1896 1549 denique
1928 1448 2068 1519 lau-

490 1318 650 1413 pia,
699 1340 888 1412 quae
930 1340 1170 1413 neque
1215 1309 1537 1413 perfecta
1583 1333 1689 1382 est
1735 1316 1809 1381 in

490 1585 799 1658 dationis
841 1614 1068 1689 genus
1094 1643 1111 1669 ,
1155 1614 1550 1686 rerumque
1596 1584 1980 1686 explicatio
2026 1613 2068 1655 a

492 1724 922 1795 CAROLO
969 1746 1373 1826 gestarum„
1406 1722 1571 1795 rudi
1608 1722 1733 1793 illa
1770 1721 2067 1824 quidem

494 1861 658 1934 stilo
680 1859 1093 1943 informata,
1113 1861 1293 1962 quid
1316 1867 1506 1932 enim
1530 1859 1727 1931 aliud
1750 1866 1900 1961 ipse
1922 1887 2068 1961 pos-

496 2000 680 2072 sem?
717 1999 838 2071 sed
870 2005 967 2070 ita
1002 2023 1243 2070 tamen
1276 1997 1687 2080 informata,
1720 2022 1802 2069 ut
1837 2001 2064 2068 Patris

492 2143 636 2220 tui,
673 2166 892 2238 quem
927 2136 1275 2240 singulari
1308 2138 1606 2207 caritate
1640 2134 2069 2237 complecte-

492 2276 720 2357 bariS‚
760 2280 1104 2346 memoria
1149 2274 1601 2357 renovanda,
1649 2301 1795 2344 non
1843 2278 2068 2374 possit

494 2420 566 2485 in
592 2419 830 2484 animo
855 2435 984 2484 tuo
1013 2412 1365 2494 dolorem,
1388 2439 1607 2512 quem
1641 2440 1726 2482 ex
1749 2417 1899 2512 ejus
1932 2411 2069 2482 obi-

492 2576 575 2623 tu
601 2556 979 2652 accepisti,
1013 2578 1159 2622 non
1190 2547 1564 2621 refricare.
1597 2550 1804 2642 Quae
1837 2577 2068 2649 quum

494 2719 607 2761 me
632 2689 1099 2762 Vehementer
1123 2709 1690 2769 commoverent,
1710 2715 1800 2757 ne
1824 2709 2065 2756 tamen

493 2827 811 2899 oblatam
843 2826 1029 2899 hanc
1064 2826 1240 2898 mihi
1273 2826 1617 2898 divinitus
1651 2821 2068 2925 appellandi

492 2967 635 3038 Tui
661 2964 1080 3038 facultatem
1105 2994 1143 3036 e
1169 2963 1498 3036 manibus
1523 2961 1942 3063 imprudens
1979 2960 2068 3032 di-
