2545 3996
1260 633 1362 686 25

522 751 668 814 quae
704 731 969 804 subact0‚
1003 758 1063 795 ac
1098 735 1248 798 bene
1290 764 1630 830 praeparato
1673 767 1908 835 pectore
1943 753 2095 818 fove-

519 861 629 915 rat,
665 861 791 902 tum
825 870 960 906 vere
996 848 1065 908 ad
1099 853 1491 914 maturitatem
1532 858 1719 920 efferri
1764 885 1900 924 sunt
1944 869 2091 942 visa,

516 975 647 1012 cum
682 958 1035 1019 MARIAM
1071 964 1501 1039 AMALIAM,
1537 972 1811 1035 Friderici
1839 980 2090 1065 Augusti

514 1065 822 1129 Sarmatiae
860 1073 1036 1157 Regis
1071 1074 1270 1148 filiam,
1313 1079 1640 1144 adolescens
1678 1087 2089 1155 adolescentu-

514 1174 630 1236 lam*
662 1179 832 1242 duxit
875 1209 1139 1247 uxorem.
1186 1192 1428 1264 Qualem
1467 1196 1649 1268 enim,
1695 1222 2086 1293 quantamque

513 1312 585 1348 ex
620 1289 730 1351 hoc
762 1295 933 1380 plane
967 1296 1156 1360 fausto
1198 1303 1489 1389 conjugffi„
1527 1313 1749 1395 magnis
1787 1319 2085 1404 auspicii5‚

510 1406 847 1492 magnisque
863 1412 1166 1472 conciliato
1182 1415 1519 1491 virtutibus,
1535 1424 1764 1485 nativae
1783 1430 1958 1514 Regis
1974 1434 2085 1520 pie-

508 1516 609 1575 tati
631 1515 837 1579 factam
856 1525 1128 1586 novimus
1151 1530 1558 1594 accessionem!
1587 1535 1687 1596 Illa
1708 1538 1995 1625 siquidem
2016 1546 2084 1607 le-

504 1629 778 1704 ctissima,
798 1654 855 1693 et
879 1638 1159 1711 omnium,
1182 1665 1321 1726 quas
1338 1644 1492 1705 orbis
1508 1648 1681 1722 Vidit,
1701 1652 1956 1739 piissima
1973 1656 2082 1720 foe-

502 1742 680 1816 mina7
706 1770 994 1834 quamque
1018 1774 1082 1810 ea
1106 1752 1554 1820 benevolentiae
1590 1763 1649 1824 vi
1686 1788 2076 1854 prosequutus

502 1875 588 1914 est
619 1860 993 1934 CAROLV&
1017 1884 1083 1924 ut
1103 1867 1261 1927 nulla
1296 1891 1429 1957 post
1464 1872 1648 1960 ipsam
1673 1878 1794 1938 vita
1815 1879 2073 1945 functam

497 1968 951 2053 pulchritudinis
986 1980 1204 2064 species
1231 1985 1633 2047 continentem
1661 1991 1918 2054 animum
1953 1997 2075 2058 ille-

496 2082 671 2154 xerit„
706 2086 970 2149 ardentes
1007 2091 1066 2150 in
1102 2093 1228 2153 viro
1262 2120 1393 2169 sito,
1428 2123 1488 2158 ac
1515 2124 1749 2188 prorsus
1778 2107 2069 2172 mirabiles

494 2195 815 2281 Religionis
852 2203 1130 2265 excitavit
1164 2232 1411 2270 amores.
1455 2215 1718 2286 Quorum
1760 2242 1868 2304 ego
1903 2246 2067 2308 argu-
2104 2243 2106 2245 ’

492 2329 687 2369 menta
723 2312 767 2372 si
803 2314 1062 2401 proferre
1096 2320 1206 2403 jam
1240 2322 1416 2395 nitar,
1451 2328 1644 2387 nescio
1679 2354 1795 2416 quo
1829 2334 2064 2397 tandem

490 2423 733 2484 evadere
768 2429 985 2514 possim
1013 2431 1283 2494 dicendo.
1318 2437 1519 2498 Dicam
1546 2459 1764 2516 tamen,
1790 2464 1855 2505 ut
1882 2468 1947 2507 ut
1972 2474 2061 2511 res

488 2535 664 2609 sinet,
710 2538 959 2603 fervidas
1000 2569 1199 2632 preces
1241 2550 1542 2635 privatim,
1575 2575 1633 2614 et
1668 2558 1902 2644 publice
1930 2564 2057 2622 Deo

485 2645 662 2722 fusas⁷
696 2653 764 2712 iis
799 2658 1106 2745 praecipue
1142 2659 1375 2737 diebus,
1408 2666 1619 2750 quibus
1646 2672 1853 2758 populi
1881 2673 2054 2748 ludis,

483 2767 936 2853 spectaculisque
964 2771 1199 2847 intenti„
1226 2775 1327 2836 vix
1355 2776 1571 2864 aliquid
1597 2785 1787 2869 pensi7
1815 2806 1912 2846 aut
1938 2812 2054 2847 mo-

480 2874 662 2935 derati
698 2879 887 2940 solent
921 2882 1160 2945 habere.
1195 2888 1396 2950 Dicam
1434 2892 1725 2957 institutas
1770 2901 2047 2986 Equitum

480 2989 850 3064 Sodalitates‚
886 3020 1127 3081 quarum
1171 3000 1334 3062 alteri
1378 3027 1405 3063 a
1440 3002 1753 3071 fortissimo
1787 3015 2044 3100 Martyre
